@software{pybaseball,
  author = {James LeDoux},
  title = {pybaseball},
  url = {https://github.com/jldbc/pybaseball},
  version = {2.2.7},
  data = {2023-09-08},
}

@misc{Sharpe_Schwartz_2020, 
  title={MLB Pitch Classification}, 
  url={https://technology.mlblogs.com/mlb-pitch-classification-64a1e32ee079}, 
  journal={Medium}, 
  publisher={MLB Technology Blog}, 
  author={Sharpe, Sam and Schwartz, Cory}, 
  year={2020}, 
  month={Jul}
} 

@misc{baseballsavant.com, 
  title={Baseball Savant},
  url={https://baseballsavant.mlb.com/}, 
  journal={baseballsavant.com}, 
  publisher={MLB Advanced Media}
}